<record><leader>00000cas a2200000 a 4500</leader><controlfield tag="001">19872266</controlfield><controlfield tag="008">890615d18731873gaudn ne      0    0eng c</controlfield><datafield ind1=" " ind2=" " tag="010"><subfield code="a">sn 89053319 </subfield></datafield><datafield ind1=" " ind2=" " tag="040"><subfield code="a">NLG</subfield><subfield code="b">eng</subfield><subfield code="c">NLG</subfield><subfield code="d">GUA</subfield><subfield code="d">CUI</subfield><subfield code="d">OCLCQ</subfield><subfield code="d">OCLCF</subfield></datafield><datafield ind1="1" ind2=" " tag="029"><subfield code="a">AU@</subfield><subfield code="b">000020561304</subfield></datafield><datafield ind1=" " ind2=" " tag="042"><subfield code="a">pcc</subfield></datafield><datafield ind1=" " ind2=" " tag="043"><subfield code="a">n-us-ga</subfield></datafield><datafield ind1=" " ind2="4" tag="050"><subfield code="a">AN</subfield></datafield><datafield ind1="0" ind2=" " tag="130"><subfield code="a">Daily telegraph and messenger (Macon, Ga.)</subfield></datafield><datafield ind1="1" ind2="0" tag="245"><subfield code="a">Daily telegraph and messenger.</subfield></datafield><datafield ind1=" " ind2=" " tag="260"><subfield code="a">Macon, Ga. :</subfield><subfield code="b">Clisby, Jones &amp; Reese,</subfield><subfield code="c">[1873]</subfield></datafield><datafield ind1=" " ind2=" " tag="300"><subfield code="a">v.</subfield></datafield><datafield ind1=" " ind2=" " tag="310"><subfield code="a">Daily (except Sunday)</subfield></datafield><datafield ind1="0" ind2=" " tag="362"><subfield code="a">No. 6709 (Sept 2, 1873)-no. 6740 (Oct. 8, 1873).</subfield></datafield><datafield ind1=" " ind2=" " tag="530"><subfield code="a">Also on microfilm: Athens, Ga. : University of Georgia Libraries.</subfield></datafield><datafield ind1=" " ind2=" " tag="580"><subfield code="a">Weekly ed.: Georgia weekly telegraph and Georgia journal &amp; messenger; Semiweekly ed.: Semi-weekly telegraph and messenger.</subfield></datafield><datafield ind1=" " ind2="0" tag="651"><subfield code="a">Macon (Ga.)</subfield><subfield code="v">Newspapers.</subfield></datafield><datafield ind1=" " ind2="0" tag="651"><subfield code="a">Bibb County (Ga.)</subfield><subfield code="v">Newspapers.</subfield></datafield><datafield ind1=" " ind2="7" tag="655"><subfield code="a">Newspapers.</subfield><subfield code="2">fast</subfield><subfield code="0">(OCoLC)fst01423814</subfield></datafield><datafield ind1=" " ind2="7" tag="651"><subfield code="a">Georgia</subfield><subfield code="z">Bibb County.</subfield><subfield code="2">fast</subfield><subfield code="0">(OCoLC)fst01207988</subfield></datafield><datafield ind1=" " ind2="7" tag="651"><subfield code="a">Georgia</subfield><subfield code="z">Macon.</subfield><subfield code="2">fast</subfield><subfield code="0">(OCoLC)fst01206924</subfield></datafield><datafield ind1=" " ind2=" " tag="752"><subfield code="a">United States</subfield><subfield code="b">Georgia</subfield><subfield code="c">Bibb</subfield><subfield code="d">Macon.</subfield></datafield><datafield ind1="1" ind2=" " tag="775"><subfield code="t">Georgia weekly telegraph and Georgia journal &amp; messenger</subfield><subfield code="w">(DLC)sn 85034222</subfield><subfield code="w">(OCoLC)12565042</subfield></datafield><datafield ind1="1" ind2=" " tag="775"><subfield code="t">Semi-weekly telegraph and messenger</subfield><subfield code="w">(DLC)sn 86053060</subfield><subfield code="w">(OCoLC)13105142</subfield></datafield><datafield ind1="0" ind2="0" tag="780"><subfield code="t">Telegraph and messenger (Macon, Ga. : 1869)</subfield><subfield code="w">(DLC)sn 85034225</subfield><subfield code="w">(OCoLC)12565051</subfield></datafield><datafield ind1="0" ind2="0" tag="785"><subfield code="t">Macon telegraph and messenger</subfield><subfield code="w">(DLC)sn 85038493</subfield><subfield code="w">(OCoLC)12608657</subfield></datafield></record>